@misc{imtmanual,
  author       = "{Instituto da Mobilidade e dos Transportes (IMT)}",
  title        = "{Manual de Tecnologias de Informação e Comunicação - Formação Inicial de Motoristas}",
  howpublished = "\url{https://www.imt-ip.pt/sites/IMTT/Portugues/TransportesRodoviarios/Documents/Manuais%20Forma%C3%A7%C3%A3o%20Inicial%20Motoristas/Manual_Tecnologias_Informacao_Comunicacao_FIA.pdf}",
  year         = {2024},
  note         = "Acesso em: 14-abr-2025"
}
@book{laudon2015,
  author    = "Kenneth C. Laudon and Jane P. Laudon",
  title     = "Sistemas de Informação Gerenciais",
  publisher = "Pearson",
  year      = "2015",
  edition   = "11",
  address   = "São Paulo"
}

@misc{cargos,
  author    = "Equipe TOTVS",
  title     = "Conheça 13 cargos na área da logística e suas funções",
  howpublished = "\url{https://www.totvs.com/blog/gestao-logistica/cargos-na-area-logistica/}",
  year      = "{2023}",
  note      = "Acesso em: 18-abr-2025"
}

@misc{oqetms,
  author    = "Equipe TOTVS",
  title     = "Tudo sobre TMS, o Sistema de Gerenciamento de Transporte",
  howpublished = "\url{https://www.totvs.com/blog/atacadista-distribuidor/tms/}",
  year      = "{2025}",
  note      = "Acesso em: 18-abr-2025"
}

@misc{silogistica,
  author    = "Franciely Veloso Aragão, Rafael Sgarbi Pinto, Rosimeire Expedita dos Santos, Tamires Soares Ferreira",
  title     = "Sistema de Informações Logísticas",
  howpublished = "\url{https://www.fecilcam.br/anais/iii_eepa/pdf/2_03.pdf}",
  year      = "{2009}",
  note      = "Acesso em: 18-abr-2025"
}


